@techreport{handreiking,
    title = {{Handreiking Treasury}},
    year = {2015},
    author = {{Ministerie van Binnenlandse Zaken en Koninkrijkrelaties}},
    url = {https://www.rijksoverheid.nl/documenten/rapporten/2015/06/25/handreiking-treasury-2015},
    institution = {Rijksoverheid},
    address = {Den Haag}
}

@techreport{aoibsfc,
    title = {{Administratieve Organisatie / Interne Beheersing}},
    year = {2015},
    author = {{Seafood Connection}},
    institution = {Seafood Connection},
    address = {Urk}
}

@techreport{jaarrapport2017,
    title = {{Jaarrapport 2017}},
    year = {2018},
    author = {{Profinis Accountants}},
    institution = {Profinis Accountants},
    address = {Urk}
}

@misc{quickscan,
    title = {{Quick Scan interne beheersing}},
    year = {2018},
    author = {Bergsma, Jon},
    publisher = {Sharenet - accountancy community},
    address = {Zwolle}
}

@techreport{ede,
    title = {{Treasurystatuut}},
    year = {2009},
    author = {{Gemeente Ede}},
    institution = {Gemeenteraad gemeente Ede},
    url = {https://decentrale.regelgeving.overheid.nl/cvdr/xhtmloutput/Historie/Ede/18927/18927_1.html},
    address = {Ede}
}

@misc{sfcwebsite,
    title = {{Seacon International}},
    year = {2018},
    author = {{Seafood Connection}},
    url = {https://www.seafoodconnection.nl/nl/seacon-internationaal/seacon-international}
}

@misc{Visserijnieuws,
    title = {{Japans visgigant koopt meerderheid Seafood Connection}},
    year = {2013},
    author = {{Visserijnieuws}},
    url = {https://www.visserijnieuws.nl/nieuws/japanse-visgigant-koopt-meerderheid-seafood-connection}
}

@book{bivperspectief,
    title = {{Bestuurlijke informatieverzorging in perspectief}},
    year = {2012},
    author = {Leeuwen, Oscar van and Bergsma, Jon},
    edition = {Eerste druk},
    publisher = {Noordhoff Uitgevers},
    address = {Houten},
    isbn = {9789001817435}
}

@book{bivpraktijk,
    title = {{BIV in Praktijk}},
    year = {2016},
    author = {Bergsma, Jon},
    edition = {Eerste druk},
    publisher = {A{\&}W Uitgeverij},
    address = {Amsterdam},
    isbn = {9789490957100}
}