@techreport{SeafoodConnection2016AdministratieveBeheersing,
    title = {{Administratieve Organisatie / Interne Beheersing}},
    year = {2016},
    author = {{Seafood Connection}},
    institution = {Seafood Connection},
    address = {Urk}
}

@techreport{MinisterievanBinnenlandseZakenenKoninkrijkrelaties2015HandreikingTreasury,
    title = {{Handreiking Treasury}},
    year = {2015},
    author = {{Ministerie van Binnenlandse Zaken en Koninkrijkrelaties}},
    pages = {133},
    url = {https://www.rijksoverheid.nl/documenten/rapporten/2015/06/25/handreiking-treasury-2015},
    institution = {Rijksoverheid},
    address = {Den Haag}
}

@techreport{ProfinisAccountants2018Jaarrapport2017,
    title = {{Jaarrapport 2017}},
    year = {2018},
    author = {{Profinis Accountants}},
    institution = {Profinis Accountants},
    address = {Urk}
}

@misc{Bergsma2018QuickBeheersing,
    title = {{Quick Scan interne beheersing}},
    year = {2018},
    author = {Bergsma, Jon},
    publisher = {Sharenet - accountancy community},
    address = {Zwolle}
}

@techreport{GemeenteEde2009Treasurystatuut,
    title = {{Treasurystatuut}},
    year = {2009},
    author = {{Gemeente Ede}},
    url = {https://decentrale.regelgeving.overheid.nl/cvdr/xhtmloutput/Historie/Ede/18927/18927_1.html},
    institution = {Gemeenteraad gemeente Ede},
    address = {Ede}
}