@techreport{SeafoodConnection2016AdministratieveBeheersing,
    title = {{Administratieve Organisatie / Interne Beheersing}},
    year = {2016},
    author = {{Seafood Connection}},
    institution = {Seafood Connection},
    address = {Urk}
}

@book{Leeuwen2012BestuurlijkePerspectief,
    title = {{Bestuurlijke informatieverzorging in perspectief}},
    year = {2012},
    author = {Leeuwen, Oscar van and Bergsma, Jon},
    edition = {Eerste druk},
    publisher = {Noordhoff Uitgevers},
    address = {Houten},
    isbn = {9789001817435}
}

@book{Bergsma2016BIVPraktijk,
    title = {{BIV in Praktijk}},
    year = {2016},
    author = {Bergsma, Jon},
    edition = {Eerste druk},
    publisher = {A{\&}W Uitgeverij},
    address = {Amsterdam},
    isbn = {9789490957100}
}

@techreport{MinisterievanBinnenlandseZakenenKoninkrijkrelaties2015HandreikingTreasury,
    title = {{Handreiking Treasury}},
    year = {2015},
    author = {{Ministerie van Binnenlandse Zaken en Koninkrijkrelaties}},
    pages = {133},
    url = {https://www.rijksoverheid.nl/documenten/rapporten/2015/06/25/handreiking-treasury-2015},
    institution = {Rijksoverheid},
    address = {Den Haag}
}

@techreport{ProfinisAccountants2018Jaarrapport2017,
    title = {{Jaarrapport 2017}},
    year = {2018},
    author = {{Profinis Accountants}},
    institution = {Profinis Accountants},
    address = {Urk}
}

@misc{Visserijnieuws2013JapansConnection,
    title = {{Japans visgigant koopt meerderheid Seafood Connection}},
    year = {2013},
    author = {{Visserijnieuws}},
    url = {https://www.visserijnieuws.nl/nieuws/japanse-visgigant-koopt-meerderheid-seafood-connection}
}

@misc{Bergsma2018QuickBeheersing,
    title = {{Quick Scan interne beheersing}},
    year = {2018},
    author = {Bergsma, Jon},
    publisher = {Sharenet - accountancy community},
    address = {Zwolle}
}

@misc{SeafoodConnection2018SeaconInternational,
    title = {{Seacon International}},
    year = {2018},
    author = {{Seafood Connection}},
    url = {https://www.seafoodconnection.nl/nl/seacon-internationaal/seacon-international}
}

@techreport{GemeenteEde2009Treasurystatuut,
    title = {{Treasurystatuut}},
    year = {2009},
    author = {{Gemeente Ede}},
    url = {https://decentrale.regelgeving.overheid.nl/cvdr/xhtmloutput/Historie/Ede/18927/18927_1.html},
    institution = {Gemeenteraad gemeente Ede},
    address = {Ede}
}